@article{feynman-quantum-simulating-physics,
  title={Simulating physics with computers},
  author={Feynman, Richard P and others},
  journal={Int. j. Theor. phys},
  volume={21},
  number={6/7},
  year={1982}
}

@misc{rl-openai-dota,
  doi = {10.48550/ARXIV.1912.06680},
  url = {https://arxiv.org/abs/1912.06680},
  author = {{OpenAI} and {:} and Berner, Christopher and Brockman, Greg and Chan, Brooke and Cheung, Vicki and Debiak, Przemyslaw and Dennison, Christy and Farhi, David and Fischer, Quirin and Hashme, Shariq and Hesse, Chris and JÃ³zefowicz, Rafal and Gray, Scott and Olsson, Catherine and Pachocki, Jakub and Petrov, Michael and Pinto, Henrique P. d. O. and Raiman, Jonathan and Salimans, Tim and Schlatter, Jeremy and Schneider, Jonas and Sidor, Szymon and Sutskever, Ilya and Tang, Jie and Wolski, Filip and Zhang, Susan},
  keywords = {Machine Learning (cs.LG), Machine Learning (stat.ML), FOS: Computer and information sciences, FOS: Computer and information sciences},
  title = {Dota 2 with Large Scale Deep Reinforcement Learning},
  publisher = {arXiv},
  year = {2019},
  copyright = {arXiv.org perpetual, non-exclusive license}
}

@misc{rl-alphastar-blog,
  title="{AlphaStar: Mastering the Real-Time Strategy Game StarCraft II}",
  author={Vinyals, Oriol and Babuschkin, Igor and Chung, Junyoung and Mathieu, Michael and Jaderberg, Max and Czarnecki, Wojtek and Dudzik, Andrew and Huang, Aja and Georgiev, Petko and Powell, Richard and Ewalds, Timo and Horgan, Dan and Kroiss, Manuel and Danihelka, Ivo and Agapiou, John and Oh, Junhyuk and Dalibard, Valentin and Choi, David and Sifre, Laurent and Sulsky, Yury and Vezhnevets, Sasha and Molloy, James and Cai, Trevor and Budden, David and Paine, Tom and Gulcehre, Caglar and Wang, Ziyu and Pfaff, Tobias and Pohlen, Toby and Yogatama, Dani and Cohen, Julia and McKinney, Katrina and Smith, Oliver and Schaul, Tom and Lillicrap, Timothy and Apps, Chris and Kavukcuoglu, Koray and Hassabis, Demis and Silver, David},
  howpublished={\url{https://deepmind.com/blog/alphastar-mastering-real-time-strategy-game-starcraft-ii/}},
  year={2019}
}

@misc{qroute-citer-nuwa,
  doi = {10.48550/ARXIV.2110.00592},  
  url = {https://arxiv.org/abs/2110.00592},
  author = {Ren, Shengru and Chen, KaWai and Ghadermarzy, Navid and Nguyen, Brandon and Huang, Yanhao and Ronagh, Pooya},
  keywords = {Quantum Physics (quant-ph), FOS: Physical sciences, FOS: Physical sciences},
  title = {Nuwa: A Quantum Circuit Transpiler Based on a Finite-Horizon Heuristic for Placement and Routing},
  publisher = {arXiv},
  year = {2021},
  copyright = {arXiv.org perpetual, non-exclusive license}
}
