@inproceedings{quantum-complexity-survey,
  title={A survey of quantum complexity theory},
  author={Vazirani, Umesh},
  booktitle={Proceedings of Symposia in Applied Mathematics},
  volume={58},
  pages={193--220},
  year={2002}
}