@PREAMBLE{
 "\providecommand{\noopsort}[1]{}" 
 # "\providecommand{\singleletter}[1]{#1}%" 
}

@book{0f8aef7d72424b6eada5de3cd9269a43,
  title     = {Quantum Monte Carlo methods in physics and chemistry},
  author    = {M.P Nightingale and C.J Umrigar},
  year      = {1999},
  edition   = {First},
  volume    = {154},
  publisher = {Springer}
}

@article{10.1002/qute.201900070,
  author   = {Sim, Sukin and Johnson, Peter D. and Aspuru-Guzik, Al√°n},
  title    = {Expressibility and Entangling Capability of Parameterized Quantum Circuits for Hybrid Quantum-Classical Algorithms},
  journal  = {Advanced Quantum Technologies},
  volume   = {2},
  number   = {12},
  pages    = {1900070},
  keywords = {quantum algorithms, quantum circuits, quantum computation},
  doi      = {https://doi.org/10.1002/qute.201900070},
  url      = {https://onlinelibrary.wiley.com/doi/abs/10.1002/qute.201900070},
  year     = {2019}
}

@article{10.1007/s11128-007-0052-7,
  doi       = {10.1007/s11128-007-0052-7},
  url       = {https://doi.org/10.1007/s11128-007-0052-7},
  year      = {2007},
  month     = may,
  publisher = {Springer Science and Business Media {LLC}},
  volume    = {6},
  number    = {3},
  pages     = {187--195},
  journal   = {Quantum Inf Process},
  author    = {Peter J. Love and Alec Maassen van den Brink and A. Yu. Smirnov and M. H. S. Amin and M. Grajcar and E. Il'ichev and A. Izmalkov and A. M. Zagoskin},
  title     = {A Characterization of Global Entanglement}
}

@article{10.1088/1751-8113/40/3/f04,
  doi       = {10.1088/1751-8113/40/3/f04},
  url       = {https://doi.org/10.1088/1751-8113/40/3/f04},
  year      = 2006,
  month     = {dec},
  publisher = {{IOP} Publishing},
  volume    = {40},
  number    = {3},
  pages     = {F105--F111},
  author    = {Marko {\v{Z}}nidari{\v{c}}},
  title     = {Entanglement of random vectors},
  journal   = {J. Phys. A: Math. Theor}
}

@book{10.5555/19316,
  author    = {Hamming, Richard W},
  title     = {Numerical Methods for Scientists and Engineers (2nd Ed.)},
  year      = {1986},
  isbn      = {0486652416},
  publisher = {Dover Publications, Inc.},
  address   = {USA}
}


@book{10.5555/2670022,
  author    = {Nesterov, Yurii},
  title     = {Introductory Lectures on Convex Optimization: A Basic Course},
  year      = {2014},
  isbn      = {1461346916},
  publisher = {Springer Publishing Company, Incorporated},
  edition   = {1}
}

@article{2014arXiv1411.4028F,
  author        = {{Farhi}, Edward and {Goldstone}, Jeffrey and {Gutmann}, Sam},
  title         = {{A Quantum Approximate Optimization Algorithm}},
  journal       = {arXiv e-prints},
  keywords      = {Quantum Physics},
  year          = 2014,
  month         = nov,
  archiveprefix = {arXiv},
  eprint        = {1411.4028},
  primaryclass  = {quant-ph}
} 
 
@article{2015arXiv150202127C,
  author        = {{Claesen}, Marc and {De Moor}, Bart},
  title         = {{Hyperparameter Search in Machine Learning}},
  journal       = {arXiv e-prints},
  keywords      = {Computer Science - Machine Learning, Statistics - Machine Learning, G.1.6, I.2.6, I.2.8, I.5},
  year          = 2015,
  month         = feb,
  eid           = {arXiv:1502.02127},
  pages         = {arXiv:1502.02127},
  archiveprefix = {arXiv},
  eprint        = {1502.02127},
  primaryclass  = {cs.LG},
  adsurl        = {https://ui.adsabs.harvard.edu/abs/2015arXiv150202127C},
  adsnote       = {Provided by the SAO/NASA Astrophysics Data System}
}

 @article{2017arXiv170108213B,
  author        = {{Bravyi}, Sergey and {Gambetta}, Jay M. and {Mezzacapo}, Antonio and {Temme}, Kristan},
  title         = {{Tapering off qubits to simulate fermionic Hamiltonians}},
  journal       = {arXiv e-prints},
  keywords      = {Quantum Physics},
  year          = 2017,
  month         = jan,
  archiveprefix = {arXiv},
  eprint        = {1701.08213},
  primaryclass  = {quant-ph}
} 
 
 @article{2018arXiv181208767Y,
  author        = {{Yuan}, Xiao and {Endo}, Suguru and {Zhao}, Qi and {Li}, Ying and {Benjamin}, Simon},
  title         = {{Theory of variational quantum simulation}},
  journal       = {arXiv e-prints},
  keywords      = {Quantum Physics},
  year          = 2018,
  month         = dec,
  archiveprefix = {arXiv},
  eprint        = {1812.08767},
  primaryclass  = {quant-ph}
} 
 
 @article{2019arXiv191009694R,
  author        = {{Rattew}, Arthur G. and {Hu}, Shaohan and {Pistoia}, Marco and {Chen}, Richard and {Wood}, Steve},
  title         = {{A Domain-agnostic, Noise-resistant, Hardware-efficient Evolutionary Variational Quantum Eigensolver}},
  journal       = {arXiv e-prints},
  keywords      = {Quantum Physics, Computer Science - Neural and Evolutionary Computing},
  year          = 2019,
  month         = oct,
  archiveprefix = {arXiv},
  eprint        = {1910.09694},
  primaryclass  = {quant-ph}
} 
 
 @article{2019NatCo.10.3007G,
  author   = {{Grimsley}, Harper R. and {Economou}, Sophia E. and {Barnes}, Edwin and {Mayhall}, Nicholas J.},
  title    = {{An adaptive variational algorithm for exact molecular simulations on a quantum computer}},
  journal  = {Nature Communications},
  keywords = {Quantum Physics, Condensed Matter - Strongly Correlated Electrons, Physics - Chemical Physics},
  year     = 2019,
  month    = jul,
  volume   = {10},
  doi      = {10.1038/s41467-019-10988-2}
}
 
 @article{2020arXiv200714384W,
  author        = {{Wang}, Samson and {Fontana}, Enrico and {Cerezo}, M. and {Sharma}, Kunal and {Sone}, Akira and {Cincio}, Lukasz and {Coles}, Patrick J.},
  title         = {{Noise-Induced Barren Plateaus in Variational Quantum Algorithms}},
  journal       = {arXiv e-prints},
  keywords      = {Quantum Physics, Computer Science - Machine Learning},
  year          = 2020,
  month         = jul,
  archiveprefix = {arXiv},
  eprint        = {2007.14384},
  primaryclass  = {quant-ph}
}
 
 @article{2020arXiv201008520B,
  author        = {{Barron}, George S. and {Wood}, Christopher J.},
  title         = {{Measurement Error Mitigation for Variational Quantum Algorithms}},
  journal       = {arXiv e-prints},
  keywords      = {Quantum Physics},
  year          = 2020,
  month         = oct,
  archiveprefix = {arXiv},
  eprint        = {2010.08520},
  primaryclass  = {quant-ph}
}
 
 @article{2020arXiv201008561Z,
  author        = {{Zhang}, Shi-Xin and {Hsieh}, Chang-Yu and {Zhang}, Shengyu and {Yao}, Hong},
  title         = {{Differentiable Quantum Architecture Search}},
  journal       = {arXiv e-prints},
  keywords      = {Quantum Physics},
  year          = 2020,
  month         = oct,
  archiveprefix = {arXiv},
  eprint        = {2010.08561},
  primaryclass  = {quant-ph}
}

@article{2020arXiv201209265C,
  author        = {{Cerezo}, M. and {Arrasmith}, Andrew and {Babbush}, Ryan and {Benjamin}, Simon C. and {Endo}, Suguru and {Fujii}, Keisuke and {McClean}, Jarrod R. and {Mitarai}, Kosuke and {Yuan}, Xiao and {Cincio}, Lukasz and {Coles}, Patrick J.},
  title         = {{Variational Quantum Algorithms}},
  journal       = {arXiv e-prints},
  keywords      = {Quantum Physics, Computer Science - Machine Learning, Statistics - Machine Learning},
  year          = 2020,
  month         = dec,
  archiveprefix = {arXiv},
  eprint        = {2012.09265},
  primaryclass  = {quant-ph}
}

@article{2021arXiv210308505F,
  author        = {{Fedorov}, Dmitry A. and {Peng}, Bo and {Govind}, Niranjan and {Alexeev}, Yuri},
  title         = {{VQE Method: A Short Survey and Recent Developments}},
  journal       = {arXiv e-prints},
  keywords      = {Quantum Physics},
  year          = 2021,
  month         = mar,
  archiveprefix = {arXiv},
  eprint        = {2103.08505},
  primaryclass  = {quant-ph}
},
}


@article{2021arXiv210401992S,
  author        = {{Sinha}, Animesh and {Azad}, Utkarsh and {Singh}, Harjinder},
  title         = {{Qubit Routing using Graph Neural Network aided Monte Carlo Tree Search}},
  journal       = {arXiv e-prints},
  keywords      = {Quantum Physics, Computer Science - Machine Learning},
  year          = 2021,
  month         = apr,
  archiveprefix = {arXiv},
  eprint        = {2104.01992},
  primaryclass  = {quant-ph}
}

 @article{2021arXiv210410220E,
  author        = {{Eddins}, Andrew and {Motta}, Mario and {Gujarati}, Tanvi P. and {Bravyi}, Sergey and {Mezzacapo}, Antonio and {Hadfield}, Charles and {Sheldon}, Sarah},
  title         = {{Doubling the size of quantum simulators by entanglement forging}},
  journal       = {arXiv e-prints},
  keywords      = {Quantum Physics},
  year          = 2021,
  month         = apr,
  archiveprefix = {arXiv},
  eprint        = {2104.10220},
  primaryclass  = {quant-ph}
} 
 
 @article{2021arXiv210414722C,
  author        = {{Cross}, Andrew W. and {Javadi-Abhari}, Ali and {Alexander}, Thomas and {de Beaudrap}, Niel and {Bishop}, Lev S. and {Heidel}, Steven and {Ryan}, Colm A. and {Smolin}, John and {Gambetta}, Jay M. and {Johnson}, Blake R.},
  title         = {{OpenQASM 3: A broader and deeper quantum assembly language}},
  journal       = {arXiv e-prints},
  keywords      = {Quantum Physics},
  year          = 2021,
  month         = apr,
  archiveprefix = {arXiv},
  eprint        = {2104.14722},
  primaryclass  = {quant-ph}
}

@article{2021PhRvA.103a2405M,
  author   = {{Mari}, Andrea and {Bromley}, Thomas R. and {Killoran}, Nathan},
  title    = {{Estimating the gradient and higher-order derivatives on quantum hardware}},
  journal  = {\pra},
  keywords = {Quantum Physics},
  year     = 2021,
  month    = jan,
  volume   = {103},
  number   = {1},
  eid      = {012405},
  pages    = {012405},
  doi      = {10.1103/PhysRevA.103.012405}
}

@book{aszabo82:qchem,
  address   = {Mineola},
  author    = {Szabo, Attila and Ostlund, Neil S.},
  edition   = {First},
  publisher = {Dover Publications, Inc.},
  timestamp = {2013-03-21T02:21:09.000+0100},
  title     = {Modern Quantum Chemistry: Introduction to Advanced Electronic Structure Theory},
  year      = 1996
}

@article{baseden_tye_2014,
  title   = {Introduction to Density Functional Theory: Calculations by Hand on the Helium Atom},
  volume  = {91},
  doi     = {10.1021/ed5004788},
  number  = {12},
  journal = {Journal of Chemical Education},
  author  = {Baseden, Kyle A. and Tye, Jesse W.},
  year    = {2014},
  pages   = {2116‚Äì2123}
}


@article{ccquad_Pyquil,
  title         = {{A Practical Quantum Instruction Set Architecture}},
  author        = {{Smith}, Robert S. and {Curtis}, Michael J. and {Zeng}, William J.},
  year          = 2016,
  month         = aug,
  journal       = {arXiv e-prints},
  keywords      = {Quantum Physics, Computer Science - Emerging Technologies, Computer Science - Programming Languages},
  archiveprefix = {arXiv},
  eprint        = {1608.03355},
  primaryclass  = {quant-ph}
}

@article{D0SC06627C,
  author    = {Kottmann, Jakob S. and Anand, Abhinav and Aspuru-Guzik, Al√°n},
  title     = {A feasible approach for automatically differentiable unitary coupled-cluster on quantum computers},
  journal   = {Chem. Sci.},
  year      = {2021},
  volume    = {12},
  issue     = {10},
  pages     = {3497-3508},
  publisher = {The Royal Society of Chemistry},
  doi       = {10.1039/D0SC06627C},
  url       = {http://dx.doi.org/10.1039/D0SC06627C}
}

 @article{doi:10.1063/1.1497700,
  author  = {Meyer,David A.  and Wallach,Nolan R. },
  title   = {Global entanglement in multiparticle systems},
  journal = {J. Math. Phys.},
  volume  = {43},
  number  = {9},
  pages   = {4273-4278},
  year    = {2002},
  doi     = {10.1063/1.1497700},
  url     = {https://doi.org/10.1063/1.1497700}
} 
 
 @article{doi:10.1063/1.3266959,
  author  = {Kassal,Ivan  and Aspuru-Guzik,Al√°n },
  title   = {Quantum algorithm for molecular properties and geometry optimization},
  journal = {The Journal of Chemical Physics},
  volume  = {131},
  number  = {22},
  pages   = {224102},
  year    = {2009},
  doi     = {10.1063/1.3266959},
  url     = {https://doi.org/10.1063/1.3266959}
}

 @article{doi:10.1063/1.4908131,
  author  = {Kussmann,J√∂rg  and Luenser,Arne  and Beer,Matthias  and Ochsenfeld,Christian },
  title   = {A reduced-scaling density matrix-based method for the computation of the vibrational Hessian matrix at the self-consistent field level},
  journal = {The Journal of Chemical Physics},
  volume  = {142},
  number  = {9},
  pages   = {094101},
  year    = {2015},
  doi     = {10.1063/1.4908131}
}


@misc{g16,
  author = {M. J. Frisch and G. W. Trucks and H. B. Schlegel and G. E. Scuseria and M. A. Robb and J. R. Cheeseman and G. Scalmani and V. Barone and et al.},
  title  = {Gaussian 16 {R}evision {C}.01},
  year   = {2016},
  note   = {{Gaussian Inc. Wallingford CT}}
}

 @article{harrow_kandala_gambetta_2019,
  title   = {Supervised learning with quantum-enhanced feature spaces},
  volume  = {567},
  doi     = {10.1038/s41586-019-0980-2},
  number  = {7747},
  journal = {Nature},
  author  = {Havl√≠ƒçek, Vojtƒõch and C√≥rcoles, Antonio D. and Temme, Kristan and Harrow, Aram W. and Kandala, Abhinav and Chow, Jerry M. and Gambetta, Jay M.},
  year    = {2019},
  pages   = {209‚Äì212}
} 
 
 @article{higgott_wang_brierley_2019,
  title   = {Variational Quantum Computation of Excited States},
  volume  = {3},
  doi     = {10.22331/q-2019-07-01-156},
  journal = {Quantum},
  author  = {Higgott, Oscar and Wang, Daochen and Brierley, Stephen},
  year    = {2019},
  pages   = {156}
} 

@misc{IBMQ,
  title        = {{IBM Quantum}},
  howpublished = {\url{https://quantum-computing.ibm.com/}},
  year         = {2021}
}

@misc{larose2020mitiq,
  title         = {Mitiq: A software package for error mitigation on noisy quantum computers},
  author        = {Ryan LaRose and Andrea Mari and Peter J. Karalekas and Nathan Shammah and William J. Zeng},
  year          = {2020},
  eprint        = {2009.04417},
  archiveprefix = {arXiv},
  primaryclass  = {quant-ph}
}


 @article{loss-landscapes,
  title   = {Visualizing the loss landscape of neural nets},
  author  = {Li, Hao and Xu, Zheng and Taylor, Gavin and Studer, Christoph and Goldstein, Tom},
  journal = {Advances in neural information processing systems},
  volume  = {31},
  year    = {2018}
} 

@article{mcardle_mayorov_shan_benjamin_yuan_2019,
  title   = {Digital quantum simulation of molecular vibrations},
  volume  = {10},
  doi     = {10.1039/c9sc01313j},
  number  = {22},
  journal = {Chemical Science},
  author  = {McArdle, Sam and Mayorov, Alexander and Shan, Xiao and Benjamin, Simon and Yuan, Xiao},
  year    = {2019},
  pages   = {5725‚Äì5735}
}

@article{mcclean_rubin_2020,
  title   = {OpenFermion: the electronic structure package for quantum computers},
  volume  = {5},
  doi     = {10.1088/2058-9565/ab8ebc},
  number  = {3},
  journal = {Quantum Science and Technology},
  author  = {McClean, Jarrod R and Rubin, Nicholas C and Sung, Kevin J and Kivlichan, Ian D and Bonet-Monroig, Xavier and Cao, Yudong and Dai, Chengyu and Fried, E Schuyler and Gidney, Craig and Gimby, Brendan and et al.},
  year    = {2020},
  pages   = {034014}
}


@article{moll_barkoutsos,
  title   = {Quantum optimization using variational algorithms on near-term quantum devices},
  volume  = {3},
  doi     = {10.1088/2058-9565/aab822},
  number  = {3},
  journal = {Quantum Science and Technology},
  author  = {Moll, Nikolaj and Barkoutsos, Panagiotis and Bishop, Lev S and Chow, Jerry M and Cross, Andrew and Egger, Daniel J and Filipp, Stefan and Fuhrer, Andreas and Gambetta, Jay M and et al.},
  year    = {2018},
  pages   = {030503}
}

@article{obrien_2019,
  title   = {Calculating energy derivatives for quantum chemistry on a quantum computer},
  volume  = {5},
  doi     = {10.1038/s41534-019-0213-4},
  number  = {1},
  journal = {npj Quantum Information},
  author  = {O‚ÄôBrien, Thomas E. and Senjean, Bruno and Sagastizabal, Ramiro and Bonet-Monroig, Xavier and Dutkiewicz, Alicja and Buda, Francesco and DiCarlo, Leonardo and Visscher, Lucas},
  year    = {2019}
}

@article{peruzzo_vqe,
  title   = {A variational eigenvalue solver on a photonic quantum processor},
  volume  = {5},
  doi     = {10.1038/ncomms5213},
  number  = {1},
  journal = {Nature Communications},
  author  = {Peruzzo, Alberto and McClean, Jarrod and Shadbolt, Peter and Yung, Man-Hong and Zhou, Xiao-Qi and Love, Peter J. and Aspuru-Guzik, Al√°n and O‚ÄôBrien, Jeremy L.},
  year    = {2014}
}

@article{PhysRevA.102.052414,
  author   = {{Gentini}, Laura and {Cuccoli}, Alessandro and {Pirandola}, Stefano and {Verrucchi}, Paola and {Banchi}, Leonardo},
  title    = {{Noise-resilient variational hybrid quantum-classical optimization}},
  journal  = {\pra},
  keywords = {Quantum Physics},
  year     = 2020,
  month    = nov,
  volume   = {102},
  number   = {1},
  eid      = {052414},
  pages    = {052414},
  doi      = {10.1103/PhysRevA.102.052414}
}


 
@article{PhysRevLett.115.267206,
  title     = {Two-Component Structure in the Entanglement Spectrum of Highly Excited States},
  author    = {Yang, Zhi-Cheng and Chamon, Claudio and Hamma, Alioscia and Mucciolo, Eduardo R.},
  journal   = {Phys. Rev. Lett.},
  volume    = {115},
  issue     = {26},
  pages     = {267206},
  numpages  = {5},
  year      = {2015},
  month     = {Dec},
  publisher = {American Physical Society},
  doi       = {10.1103/PhysRevLett.115.267206},
  url       = {https://link.aps.org/doi/10.1103/PhysRevLett.115.267206}
}


@article{PhysRevLett.124.090504,
  title     = {Reachability Deficits in Quantum Approximate Optimization},
  author    = {Akshay, V. and Philathong, H. and Morales, M. E. S. and Biamonte, J. D.},
  journal   = {Phys. Rev. Lett.},
  volume    = {124},
  issue     = {9},
  pages     = {090504},
  numpages  = {5},
  year      = {2020},
  month     = {Mar},
  publisher = {American Physical Society},
  doi       = {10.1103/PhysRevLett.124.090504},
  url       = {https://link.aps.org/doi/10.1103/PhysRevLett.124.090504}
}

@article{PhysRevResearch.1.033062,
  title     = {Subspace-search variational quantum eigensolver for excited states},
  author    = {Nakanishi, Ken M. and Mitarai, Kosuke and Fujii, Keisuke},
  journal   = {Phys. Rev. Research},
  volume    = {1},
  issue     = {3},
  pages     = {033062},
  numpages  = {7},
  year      = {2019},
  month     = {Oct},
  publisher = {American Physical Society},
  doi       = {10.1103/PhysRevResearch.1.033062},
  url       = {https://link.aps.org/doi/10.1103/PhysRevResearch.1.033062}
}

@article{PhysRevResearch.2.013129,
  title     = {Theory of analytical energy derivatives for the variational quantum eigensolver},
  author    = {Mitarai, Kosuke and Nakagawa, Yuya O. and Mizukami, Wataru},
  journal   = {Phys. Rev. Research},
  volume    = {2},
  issue     = {1},
  pages     = {013129},
  numpages  = {14},
  year      = {2020},
  month     = {Feb},
  publisher = {American Physical Society},
  doi       = {10.1103/PhysRevResearch.2.013129},
  url       = {https://link.aps.org/doi/10.1103/PhysRevResearch.2.013129}
}

@article{PhysRevX.10.021067,
  title     = {Quantum Approximate Optimization Algorithm: Performance, Mechanism, and Implementation on Near-Term Devices},
  author    = {Zhou, Leo and Wang, Sheng-Tao and Choi, Soonwon and Pichler, Hannes and Lukin, Mikhail D.},
  journal   = {Phys. Rev. X},
  volume    = {10},
  issue     = {2},
  pages     = {021067},
  numpages  = {23},
  year      = {2020},
  month     = {Jun},
  publisher = {American Physical Society},
  doi       = {10.1103/PhysRevX.10.021067},
  url       = {https://link.aps.org/doi/10.1103/PhysRevX.10.021067}
}

@article{PhysRevX.6.031007,
  title     = {Scalable Quantum Simulation of Molecular Energies},
  author    = {O'Malley, P. J. J. and Babbush, R. and Kivlichan, I. D. and Romero, J. and McClean, J. R. and Barends, R. and Kelly, J. and Roushan, P. and Tranter, A. and Ding, N. and Campbell, B. and et al.},
  journal   = {Phys. Rev. X},
  volume    = {6},
  issue     = {3},
  pages     = {031007},
  numpages  = {13},
  year      = {2016},
  month     = {Jul},
  publisher = {American Physical Society},
  doi       = {10.1103/PhysRevX.6.031007},
  url       = {https://link.aps.org/doi/10.1103/PhysRevX.6.031007}
}

@article{PhysRevX.8.031022,
  title     = {Quantum Chemistry Calculations on a Trapped-Ion Quantum Simulator},
  author    = {Hempel, Cornelius and Maier, Christine and Romero, Jonathan and McClean, Jarrod and Monz, Thomas and Shen, Heng and Jurcevic, Petar and Lanyon, Ben P. and Love, Peter and Babbush, Ryan and Aspuru-Guzik, Al\'an and Blatt, Rainer and Roos, Christian F.},
  journal   = {Phys. Rev. X},
  volume    = {8},
  issue     = {3},
  pages     = {031022},
  numpages  = {22},
  year      = {2018},
  month     = {Jul},
  publisher = {American Physical Society},
  doi       = {10.1103/PhysRevX.8.031022},
  url       = {https://link.aps.org/doi/10.1103/PhysRevX.8.031022}
}


@article{PRXQuantum.1.020319,
  title     = {Exploring Entanglement and Optimization within the Hamiltonian Variational Ansatz},
  author    = {Wiersema, Roeland and Zhou, Cunlu and de Sereville, Yvette and Carrasquilla, Juan Felipe and Kim, Yong Baek and Yuen, Henry},
  journal   = {PRX Quantum},
  volume    = {1},
  issue     = {2},
  pages     = {020319},
  numpages  = {14},
  year      = {2020},
  month     = {Dec},
  publisher = {American Physical Society},
  doi       = {10.1103/PRXQuantum.1.020319},
  url       = {https://link.aps.org/doi/10.1103/PRXQuantum.1.020319}
}

@article{psi4,
  author  = {Daniel Smith and Lori Burns and Andrew Simmonett and Robert Parrish and Matthew Schieber and Raimondas Galvelis and Peter Kraus and Holger Kruse and Roberto Di Remigio and et al.},
  title   = {{Psi4 1.4: Open-Source Software for High-Throughput Quantum Chemistry}},
  year    = {2020},
  month   = {3},
  journal = {chemrXiv e-prints},
  url     = {https://chemrxiv.org/articles/preprint/Psi4_1_4_Open-Source_Software_for_High-Throughput_Quantum_Chemistry/11930031},
  doi     = {10.26434/chemrxiv.11930031.v1}
}

@article{pulay_2013,
  title   = {Analytical derivatives, forces, force constants, molecular geometries, and related response properties in electronic structure theory},
  volume  = {4},
  number  = {3},
  journal = {Wiley Interdisciplinary Reviews: Computational Molecular Science},
  author  = {Pulay, Peter},
  year    = {2013},
  pages   = {169‚Äì181},
  doi     = {10.1002/wcms.1171}
}


@article{pyscf,
  author  = {Sun, Qiming and Berkelbach, Timothy C. and Blunt, Nick S. and Booth, George H. and Guo, Sheng and Li, Zhendong and Liu, Junzi and McClain, James D. and Sayfutyarova, Elvira R. and Sharma, Sandeep and Wouters, Sebastian and Chan, Garnet Kin-Lic},
  title   = {PySCF: the Python-based simulations of chemistry framework},
  journal = {WIREs Computational Molecular Science},
  volume  = {8},
  number  = {1},
  year    = {2018},
  pages   = {e1340},
  doi     = {10.1002/wcms.1340},
  url     = {https://onlinelibrary.wiley.com/doi/abs/10.1002/wcms.1340}
}


@misc{qleet-zenodo,
  author    = {Utkarsh Azad and
               Animesh Sinha},
  title     = {{qLEET}},
  month     = nov,
  year      = 2021,
  publisher = {Zenodo},
  version   = {0.1.0-dev0},
  doi       = {10.5281/zenodo.5650581},
  url       = {https://doi.org/10.5281/zenodo.5650581}
}

@article{RevModPhys.92.015003,
  title     = {Quantum computational chemistry},
  author    = {McArdle, Sam and Endo, Suguru and Aspuru-Guzik, Al\'an and Benjamin, Simon C. and Yuan, Xiao},
  journal   = {Rev. Mod. Phys.},
  volume    = {92},
  issue     = {1},
  pages     = {015003},
  numpages  = {51},
  year      = {2020},
  month     = {Mar},
  publisher = {American Physical Society},
  doi       = {10.1103/RevModPhys.92.015003},
  url       = {https://link.aps.org/doi/10.1103/RevModPhys.92.015003}
}

@article{Schuld_2017,
  doi       = {10.1209/0295-5075/119/60002},
  url       = {https://doi.org/10.1209/0295-5075/119/60002},
  year      = 2017,
  month     = {sep},
  publisher = {{IOP} Publishing},
  volume    = {119},
  number    = {6},
  pages     = {60002},
  author    = {M. Schuld and M. Fingerhuth and F. Petruccione},
  title     = {Implementing a distance-based classifier with a quantum interference circuit},
  journal   = {{EPL} (Europhysics Letters)}
}

@unpublished{supp,
  note = {Formal derivation has been provided in the supplementary material.}
}

@inproceedings{training-trajectories,
  title     = {Visualizing deep network training trajectories with pca},
  author    = {Lorch, Eliana},
  booktitle = {ICML Workshop on Visualization for Deep Learning},
  year      = {2016}
}

@article{tranter_love_mintert_coveney_2018,
  title   = {A Comparison of the Bravyi‚ÄìKitaev and Jordan‚ÄìWigner Transformations for the Quantum Simulation of Quantum Chemistry},
  volume  = {14},
  doi     = {10.1021/acs.jctc.8b00450},
  number  = {11},
  journal = {Journal of Chemical Theory and Computation},
  author  = {Tranter, Andrew and Love, Peter J. and Mintert, Florian and Coveney, Peter V.},
  year    = {2018},
  pages   = {5617‚Äì5630}
}
