@article{qdd-drug-discovery-potential,
  title={Potential of quantum computing for drug discovery},
  author={Cao, Yudong and Romero, Jhonathan and Aspuru-Guzik, Al{\'a}n},
  journal={IBM Journal of Research and Development},
  volume={62},
  number={6},
  pages={6--1},
  year={2018},
  publisher={IBM}
}

@article{qdd-drug-discovery-industry,
  title={Quantum computing's potential for drug discovery: Early stage industry dynamics},
  author={Zinner, Maximillian and Dahlhausen, Florian and Boehme, Philip and Ehlers, Jan and Bieske, Linn and Fehring, Leonard},
  journal={Drug Discovery Today},
  volume={26},
  number={7},
  pages={1680--1688},
  year={2021},
  publisher={Elsevier}
}

@article{qmldd-drug-discovery-qml,
  title={Quantum machine learning algorithms for drug discovery applications},
  author={Batra, Kushal and Zorn, Kimberley M and Foil, Daniel H and Minerali, Eni and Gawriljuk, Victor O and Lane, Thomas R and Ekins, Sean},
  journal={Journal of Chemical Information and Modeling},
  volume={61},
  number={6},
  pages={2641--2647},
  year={2021},
  publisher={ACS Publications}
}

@article{qmldd-drug-discovery-generative,
  title={Quantum generative models for small molecule drug discovery},
  author={Li, Junde and Topaloglu, Rasit O and Ghosh, Swaroop},
  journal={IEEE Transactions on Quantum Engineering},
  volume={2},
  pages={1--8},
  year={2021},
  publisher={IEEE}
}

@inproceedings{qmldd-drug-discovery-using-qml,
  title={Drug discovery approaches using quantum machine learning},
  author={Li, Junde and Alam, Mahabubul and Congzhou, M Sha and Wang, Jian and Dokholyan, Nikolay V and Ghosh, Swaroop},
  booktitle={2021 58th ACM/IEEE Design Automation Conference (DAC)},
  pages={1356--1359},
  year={2021},
  organization={IEEE}
}

@article{qpf-simulating-chemistry,
  title={Simulating chemistry using quantum computers},
  author={Kassal, Ivan and Whitfield, James D and Perdomo-Ortiz, Alejandro and Yung, Man-Hong and Aspuru-Guzik, Al{\'a}n},
  journal={Annual review of physical chemistry},
  volume={62},
  pages={185--207},
  year={2011},
  publisher={Annual Reviews}
}

@article{qpf-resource-efficient-algo,
  title={Resource-efficient quantum algorithm for protein folding},
  author={Robert, Anton and Barkoutsos, Panagiotis Kl and Woerner, Stefan and Tavernelli, Ivano},
  journal={npj Quantum Information},
  volume={7},
  number={1},
  pages={1--5},
  year={2021},
  publisher={Nature Publishing Group}
}

@article{qmap-jordan-wigner,
  title={Pauliâ€™s equivalence prohibition},
  author={Jordan, Pascual and Wigner, Eugene},
  journal={Z. Physik},
  volume={47},
  pages={631},
  year={1928}
}

@article{qmap-bravyi-kitaev,
  title={Fermionic quantum computation},
  author={Bravyi, Sergey B and Kitaev, Alexei Yu},
  journal={Annals of Physics},
  volume={298},
  number={1},
  pages={210--226},
  year={2002},
  publisher={Elsevier}
}

@article{qmap-jordan-wigner-nielsen,
  title={The Fermionic canonical commutation relations and the Jordan-Wigner transform},
  author={Nielsen, Michael A and others},
  journal={School of Physical Sciences The University of Queensland},
  volume={59},
  year={2005}
}

@article{qmap-bravyi-kitaev-electronic-structure-simulation,
  title={Bravyi-Kitaev Superfast simulation of electronic structure on a quantum computer},
  author={Setia, Kanav and Whitfield, James D},
  journal={The Journal of chemical physics},
  volume={148},
  number={16},
  pages={164104},
  year={2018},
  publisher={AIP Publishing LLC}
}

@article{qmap-comparative-bravyi-jordan,
  title={A comparison of the bravyi--kitaev and jordan--wigner transformations for the quantum simulation of quantum chemistry},
  author={Tranter, Andrew and Love, Peter J and Mintert, Florian and Coveney, Peter V},
  journal={Journal of chemical theory and computation},
  volume={14},
  number={11},
  pages={5617--5630},
  year={2018},
  publisher={ACS Publications}
}

@article{quantum-annealing,
  title={Quantum annealing: A new method for minimizing multidimensional functions},
  author={Finnila, Aleta Berk and Gomez, MA and Sebenik, C and Stenson, Catherine and Doll, Jimmie D},
  journal={Chemical physics letters},
  volume={219},
  number={5-6},
  pages={343--348},
  year={1994},
  publisher={Elsevier}
}

@article{qml-cnn,
  title={Quantum convolutional neural networks},
  author={Cong, Iris and Choi, Soonwon and Lukin, Mikhail D},
  journal={Nature Physics},
  volume={15},
  number={12},
  pages={1273--1278},
  year={2019},
  publisher={Nature Publishing Group}
}

@article{qml-rnn,
  title={Recurrent quantum neural networks},
  author={Bausch, Johannes},
  journal={Advances in neural information processing systems},
  volume={33},
  pages={1368--1379},
  year={2020}
}

@article{qml-gan,
  title={Quantum generative adversarial networks},
  author={Dallaire-Demers, Pierre-Luc and Killoran, Nathan},
  journal={Physical Review A},
  volume={98},
  number={1},
  pages={012324},
  year={2018},
  publisher={APS}
}

@article{qml-rl,
  title={Quantum reinforcement learning},
  author={Dong, Daoyi and Chen, Chunlin and Li, Hanxiong and Tarn, Tzyh-Jong},
  journal={IEEE Transactions on Systems, Man, and Cybernetics, Part B (Cybernetics)},
  volume={38},
  number={5},
  pages={1207--1220},
  year={2008},
  publisher={IEEE}
}

@article{qml-nn,
  title={Quantum neural network},
  author={Altaisky, MV},
  journal={arXiv preprint quant-ph/0107012},
  year={2001}
}

@article{guzik-molecular-energy,
  title = {Scalable Quantum Simulation of Molecular Energies},
  author = {O'Malley, P. J. J. and Babbush, R. and Kivlichan, I. D. and Romero, J. and McClean, J. R. and Barends, R. and Kelly, J. and Roushan, P. and Tranter, A. and Ding, N. and Campbell, B. and Chen, Y. and Chen, Z. and Chiaro, B. and Dunsworth, A. and Fowler, A. G. and Jeffrey, E. and Lucero, E. and Megrant, A. and Mutus, J. Y. and Neeley, M. and Neill, C. and Quintana, C. and Sank, D. and Vainsencher, A. and Wenner, J. and White, T. C. and Coveney, P. V. and Love, P. J. and Neven, H. and Aspuru-Guzik, A. and Martinis, J. M.},
  journal = {Phys. Rev. X},
  volume = {6},
  issue = {3},
  pages = {031007},
  numpages = {13},
  year = {2016},
  month = {Jul},
  publisher = {American Physical Society},
  doi = {10.1103/PhysRevX.6.031007},
  url = {https://link.aps.org/doi/10.1103/PhysRevX.6.031007}
}

@article{guzik-quantum-chemistry-on-quantum-computer,
  title={Towards quantum chemistry on a quantum computer},
  author={Lanyon, Benjamin P and Whitfield, James D and Gillett, Geoff G and Goggin, Michael E and Almeida, Marcelo P and Kassal, Ivan and Biamonte, Jacob D and Mohseni, Masoud and Powell, Ben J and Barbieri, Marco and others},
  journal={Nature chemistry},
  volume={2},
  number={2},
  pages={106--111},
  year={2010},
  publisher={Nature Publishing Group}
}

@article{guzik-quantum-chemistry-in-quantum-computing,
  title={Quantum chemistry in the age of quantum computing},
  author={Cao, Yudong and Romero, Jonathan and Olson, Jonathan P and Degroote, Matthias and Johnson, Peter D and Kieferov{\'a}, M{\'a}ria and Kivlichan, Ian D and Menke, Tim and Peropadre, Borja and Sawaya, Nicolas PD and others},
  journal={Chemical reviews},
  volume={119},
  number={19},
  pages={10856--10915},
  year={2019},
  publisher={ACS Publications}
}

@article{qsim-variational-algorithm,
  title={An adaptive variational algorithm for exact molecular simulations on a quantum computer},
  author={Grimsley, Harper R and Economou, Sophia E and Barnes, Edwin and Mayhall, Nicholas J},
  journal={Nature communications},
  volume={10},
  number={1},
  pages={1--9},
  year={2019},
  publisher={Nature Publishing Group}
}